@article{ert06,
 author = {Geurts, Pierre and Ernst, Damien and Wehenkel, Louis},
 title = {Extremely Randomized Trees},
 journal = {Mach. Learn.},
 issue_date = {April     2006},
 volume = {63},
 number = {1},
 month = apr,
 year = {2006},
 issn = {0885-6125},
 pages = {3--42},
 numpages = {40},
 url = {http://dx.doi.org/10.1007/s10994-006-6226-1},
 doi = {10.1007/s10994-006-6226-1},
 acmid = {1132040},
 publisher = {Kluwer Academic Publishers},
 address = {Hingham, MA, USA},
 keywords = {Bias/variance tradeoff, Cut-point randomization, Decision and regression trees, Ensemble methods, Kernel-based models, Supervised learning},
}  